@online{inbook,
    author = "Inbook",
    title = "How the Lightning Network Works",
    url  = "https://github.com/lnbook/lnbook/blob/develop/03_how_ln_works.asciidoc",
	year = "2020",
    addendum = "(accessed: 07.10.2020)"
}

@article{peter,
    author = "Peter R. Rizun",
    title = "Visualizing HTCLs and the Lightning Networkâ€™s Dirty Little Secret",
	url = "https://medium.com/@peter_r/visualizing-htlcs-and-the-lightning-networks-dirty-little-secret-cb9b5773a0",
    journal = "medium.com",
    year = "2019",
	addendum = "(accessed: 07.10.2020)"
}

@inbook{joseph,
    author = "Joseph Poon and Thaddeus Dryja",
    title = "The Bitcoin Lightning Network: Scalable Off-Chain Instant Payments",
	url = "https://lightning.network/lightning-network-paper.pdf",
    publisher = "lightning.network",
    year = "2016",
	addendum = "(accessed: 07.10.2020)"
}

@online{andreas,
    author = "Andreas M. Antonopoulos",
    title = "Technical Introduction to the Lightning Network",
    url  = "https://aantonop.io/wearedevsln",
	year = "2020",
    addendum = "(accessed: 12.10.2020)"
}

@online{grant,
    author = "Grant Sanderson",
    title = "But how does bitcoin actually work?",
    url  = "https://youtu.be/bBC-nXj3Ng4",
	year = "2017",
    addendum = "(accessed: 12.10.2020)"
}

@article{chris,
    author = "Chris Stewart",
    title = "Lightning 101: Lightning Network Fees",
	url = "https://suredbits.com/lightning-101-lightning-network-fees/",
    journal = "suredbits.com",
    year = "2019",
	addendum = "(accessed: 25.11.2020)"
}

@article{daniel,
    author = "Daniel Ameli",
    title = "The Bitcoin fee problem and possible solutions",
	url = "https://d-ameli.medium.com/the-bitcoin-fee-problem-and-possible-solutions-4be581ece54b",
    journal = "medium.com",
    year = "2019",
	addendum = "(accessed: 16.12.2020)"
}

@inbook{jian,
    author = "Jian-Hong Lin and Kevin Primicerio and Tiziano Squartini and Christian Decker and Claudio J. Tessone",
    title = "Lightning Network: a second path towards centralisation of the Bitcoin economy",
	url = "https://arxiv.org/pdf/2002.02819.pdf",
    publisher = "arxiv.org",
    year = "2020",
	addendum = "(accessed: 16.12.2020)"
}
